<record><leader>00000cas a22000007a 4500</leader><controlfield tag="001">14109175</controlfield><controlfield tag="008">860819c19279999txuwr ne      0   a0eng d</controlfield><datafield ind1=" " ind2=" " tag="010"><subfield code="a">sn 86088605 </subfield></datafield><datafield ind1=" " ind2=" " tag="040"><subfield code="a">PPM</subfield><subfield code="b">eng</subfield><subfield code="c">PPM</subfield><subfield code="d">NSD</subfield><subfield code="d">OCLCQ</subfield></datafield><datafield ind1=" " ind2=" " tag="012"><subfield code="m">1</subfield></datafield><datafield ind1="1" ind2=" " tag="022"><subfield code="a">1065-7479</subfield><subfield code="l">1065-7479</subfield><subfield code="2">1</subfield></datafield><datafield ind1=" " ind2=" " tag="032"><subfield code="a">122880</subfield><subfield code="b">USPS</subfield></datafield><datafield ind1=" " ind2=" " tag="037"><subfield code="b">The Colorado County Citizen, PO Box 548, 513 Spring St., Columbus, TX 78934</subfield></datafield><datafield ind1=" " ind2=" " tag="042"><subfield code="a">msc</subfield><subfield code="a">nsdp</subfield></datafield><datafield ind1=" " ind2="4" tag="222"><subfield code="a">The Colorado County citizen</subfield></datafield><datafield ind1="0" ind2="4" tag="245"><subfield code="a">The Colorado County citizen.</subfield></datafield><datafield ind1=" " ind2=" " tag="260"><subfield code="a">Columbus, Tex. :</subfield><subfield code="b">Kermit K. Kendlall</subfield></datafield><datafield ind1=" " ind2=" " tag="300"><subfield code="a">v. :</subfield><subfield code="b">ill. ;</subfield><subfield code="c">54 cm.</subfield></datafield><datafield ind1=" " ind2=" " tag="310"><subfield code="a">Weekly</subfield></datafield><datafield ind1="1" ind2=" " tag="362"><subfield code="a">Began in 1927?</subfield></datafield><datafield ind1=" " ind2=" " tag="500"><subfield code="a">Published: Scarbrough Pub. Co., &lt;Sept. 16, 1992-&gt;</subfield></datafield><datafield ind1=" " ind2=" " tag="588"><subfield code="a">Description based on: Vol. 84, no. 37 (Jan. 2, 1941).</subfield></datafield><datafield ind1=" " ind2=" " tag="588"><subfield code="a">Latest issue consulted: Vol. 135, no. 31 (Sept. 16, 1992).</subfield></datafield><datafield ind1=" " ind2=" " tag="752"><subfield code="a">United States</subfield><subfield code="b">Texas</subfield><subfield code="c">Colorado</subfield><subfield code="d">Columbus.</subfield></datafield><datafield ind1="0" ind2="0" tag="780"><subfield code="t">Colorado citizen</subfield><subfield code="w">(OCoLC)9788122</subfield></datafield></record>